@article{mehrabi2021survey,
  title={A survey on bias and fairness in machine learning},
  author={Mehrabi, Ninareh and Morstatter, Fred and Saxena, Nripsuta and Lerman, Kristina and Galstyan, Aram},
  journal={ACM Computing Surveys (CSUR)},
  volume={54},
  number={6},
  pages={1--35},
  year={2021},
  publisher={ACM New York, NY, USA}
}

@inproceedings{zhang2021towards,
  title={Towards Fair Deep Anomaly Detection},
  author={Zhang, Hongjing and Davidson, Ian},
  booktitle={Proceedings of the 2021 ACM Conference on Fairness, Accountability, and Transparency},
  pages={138--148},
  year={2021}
}

@inproceedings{ramaswamy2021fair,
  title={Fair attribute classification through latent space de-biasing},
  author={Ramaswamy, Vikram V and Kim, Sunnie SY and Russakovsky, Olga},
  booktitle={Proceedings of the IEEE/CVF Conference on Computer Vision and Pattern Recognition},
  pages={9301--9310},
  year={2021}
}

@article{dunkelau2019fairness,
  title={Fairness-aware machine learning},
  author={Dunkelau, Jannik and Leuschel, Michael},
  year={2019}
}

@inproceedings{russell2017worlds,
  title={When worlds collide: integrating different counterfactual assumptions in fairness},
  author={Russell, Chris and Kusner, M and Loftus, C and Silva, Ricardo},
  booktitle={Advances in neural information processing systems},
  volume={30},
  year={2017},
  organization={NIPS Proceedings}
}

@inproceedings{kamiran2009classifying,
  title={Classifying without discriminating},
  author={Kamiran, Faisal and Calders, Toon},
  booktitle={2009 2nd international conference on computer, control and communication},
  pages={1--6},
  year={2009},
  organization={IEEE}
}

@article{kamiran2012data,
  title={Data preprocessing techniques for classification without discrimination},
  author={Kamiran, Faisal and Calders, Toon},
  journal={Knowledge and Information Systems},
  volume={33},
  number={1},
  pages={1--33},
  year={2012},
  publisher={Springer}
}

@article{louizos2015variational,
  title={The variational fair autoencoder},
  author={Louizos, Christos and Swersky, Kevin and Li, Yujia and Welling, Max and Zemel, Richard},
  journal={arXiv preprint arXiv:1511.00830},
  year={2015}
}

@inproceedings{calders2010three,
  title={Three naive bayes approaches for discrimination-free classification (accepted for publication},
  author={Calders, Toon and Verwer, Sicco},
  booktitle={In Proc. ECML/PKDD},
  year={2010},
  organization={Citeseer}
}

@inproceedings{kamishima2012fairness,
  title={Fairness-aware classifier with prejudice remover regularizer},
  author={Kamishima, Toshihiro and Akaho, Shotaro and Asoh, Hideki and Sakuma, Jun},
  booktitle={Joint European Conference on Machine Learning and Knowledge Discovery in Databases},
  pages={35--50},
  year={2012},
  organization={Springer}
}


@article{beutel2017data,
  title={Data decisions and theoretical implications when adversarially learning fair representations},
  author={Beutel, Alex and Chen, Jilin and Zhao, Zhe and Chi, Ed H},
  journal={arXiv preprint arXiv:1707.00075},
  year={2017}
}

@inproceedings{zhang2018mitigating,
  title={Mitigating unwanted biases with adversarial learning},
  author={Zhang, Brian Hu and Lemoine, Blake and Mitchell, Margaret},
  booktitle={Proceedings of the 2018 AAAI/ACM Conference on AI, Ethics, and Society},
  pages={335--340},
  year={2018}
}

@inproceedings{zafar2017fairness,
  title={Fairness beyond disparate treatment \& disparate impact: Learning classification without disparate mistreatment},
  author={Zafar, Muhammad Bilal and Valera, Isabel and Gomez Rodriguez, Manuel and Gummadi, Krishna P},
  booktitle={Proceedings of the 26th international conference on world wide web},
  pages={1171--1180},
  year={2017}
}

@inproceedings{zafar2017fairness2,
  title={Fairness constraints: Mechanisms for fair classification},
  author={Zafar, Muhammad Bilal and Valera, Isabel and Rogriguez, Manuel Gomez and Gummadi, Krishna P},
  booktitle={Artificial Intelligence and Statistics},
  pages={962--970},
  year={2017},
  organization={PMLR}
}

@article{petrovic2021fair,
  title={Fair classification via Monte Carlo policy gradient method},
  author={Petrovi{\'c}, Andrija and Nikoli{\'c}, Mladen and Jovanovi{\'c}, Milo{\v{s}} and Bijani{\'c}, Milo{\v{s}} and Deliba{\v{s}}i{\'c}, Boris},
  journal={Engineering Applications of Artificial Intelligence},
  volume={104},
  pages={104398},
  year={2021},
  publisher={Elsevier}
}

@inproceedings{karkkainen2021fairface,
  title={FairFace: Face Attribute Dataset for Balanced Race, Gender, and Age for Bias Measurement and Mitigation},
  author={Karkkainen, Kimmo and Joo, Jungseock},
  booktitle={Proceedings of the IEEE/CVF Winter Conference on Applications of Computer Vision},
  pages={1548--1558},
  year={2021}
}